@inproceedings{bernstein2017sliding,
  title={Sliding right into disaster: Left-to-right sliding windows leak},
  author={Bernstein, Daniel J and Breitner, Joachim and Genkin, Daniel and Bruinderink, Leon Groot and Heninger, Nadia and Lange, Tanja and van Vredendaal, Christine and Yarom, Yuval},
  booktitle={International Conference on Cryptographic Hardware and Embedded Systems},
  pages={555--576},
  year={2017},
  organization={Springer}
}
@inproceedings{genkin2015stealing,
  title={Stealing keys from PCs using a radio: Cheap electromagnetic attacks on windowed exponentiation},
  author={Genkin, Daniel and Pachmanov, Lev and Pipman, Itamar and Tromer, Eran},
  booktitle={International workshop on cryptographic hardware and embedded systems},
  pages={207--228},
  year={2015},
  organization={Springer}
}
@misc{cryptoeprint:2013:448,
    author = {Yuval Yarom and Katrina Falkner},
    title = {Flush+Reload: a High Resolution, Low Noise, L3 Cache Side-Channel Attack},
    howpublished = {Cryptology ePrint Archive, Report 2013/448},
    year = {2013},
    note = {\url{https://eprint.iacr.org/2013/448}},
}
@article{dugardin2016correlated,
  title={Correlated Extra-Reductions Defeat Blinded Regular Exponentiation-Extended Version.},
  author={Dugardin, Margaux and Guilley, Sylvain and Danger, Jean-Luc and Najm, Zakaria and Rioul, Olivier},
  journal={IACR Cryptology ePrint Archive},
  volume={2016},
  pages={597},
  year={2016}
}
@inproceedings{schindler2000timing,
  title={A timing attack against RSA with the chinese remainder theorem},
  author={Schindler, Werner},
  booktitle={International Workshop on Cryptographic Hardware and Embedded Systems},
  pages={109--124},
  year={2000},
  organization={Springer}
}
@inproceedings{walter2001distinguishing,
  title={Distinguishing exponent digits by observing modular subtractions},
  author={Walter, Colin D and Thompson, Susan},
  booktitle={Cryptographersâ€™ Track at the RSA Conference},
  pages={192--207},
  year={2001},
  organization={Springer}
}
@online{BearSSLweb,
  author = {Thomas Pornin},
  title = {BearSSL is an implementation of the SSL/TLS protocol (RFC 5246) written in C.},
  year = 2018,
  url = {https://bearssl.org}
}
@article{DBLP:journals/corr/DoychevK16,
  author    = {Goran Doychev and
               Boris K{\"{o}}pf},
  title     = {Rigorous Analysis of Software Countermeasures against Cache Attacks},
  journal   = {CoRR},
  volume    = {abs/1603.02187},
  year      = {2016},
  url       = {http://arxiv.org/abs/1603.02187},
  archivePrefix = {arXiv},
  eprint    = {1603.02187},
  timestamp = {Mon, 13 Aug 2018 16:47:18 +0200},
  biburl    = {https://dblp.org/rec/bib/journals/corr/DoychevK16},
  bibsource = {dblp computer science bibliography, https://dblp.org}
}
@misc{percival2005cache,
  title={Cache missing for fun and profit},
  author={Percival, Colin},
  year={2005},
  publisher={BSDCan}
}

@misc{cryptoeprint:2011:239,
    author = {Shay Gueron},
    title = {Efficient Software Implementations of Modular Exponentiation},
    howpublished = {Cryptology ePrint Archive, Report 2011/239},
    year = {2011},
    note = {\url{https://eprint.iacr.org/2011/239}},
}
@article{denncert,
  title={Certification of programs for secure information flow},
  author={Denning, Dorothy E and Denning, Peter J},
  journal={Communications of the ACM},
  volume={20},
  number={7},
  pages={504--513},
  year={1977},
  publisher={ACM}
}
@inproceedings{cauligi2017fact,
  title={FaCT: A flexible, constant-time programming language},
  author={Cauligi, Sunjay and Soeller, Gary and Brown, Fraser and Johannesmeyer, Brian and Huang, Yunlu and Jhala, Ranjit and Stefan, Deian},
  booktitle={2017 IEEE Cybersecurity Development (SecDev)},
  pages={69--76},
  year={2017},
  organization={IEEE}
}
@inproceedings{almeida2016verifying,
  title={Verifying Constant-Time Implementations.},
  author={Almeida, Jos{\'e} Bacelar and Barbosa, Manuel and Barthe, Gilles and Dupressoir, Fran{\c{c}}ois and Emmi, Michael},
  booktitle={USENIX Security Symposium},
  pages={53--70},
  year={2016}
}
@inproceedings{FlowTracker,
 author = {Rodrigues, Bruno and Quint\~{a}o Pereira, Fernando Magno and Aranha, Diego F.},
 title = {Sparse Representation of Implicit Flows with Applications to Side-channel Detection},
 booktitle = {Proceedings of the 25th International Conference on Compiler Construction},
 series = {CC 2016},
 year = {2016},
 isbn = {978-1-4503-4241-4},
 location = {Barcelona, Spain},
 pages = {110--120},
 numpages = {11},
 url = {http://doi.acm.org/10.1145/2892208.2892230},
 doi = {10.1145/2892208.2892230},
 acmid = {2892230},
 publisher = {ACM},
 address = {New York, NY, USA},
 keywords = {Information flow, SSA, implicit flows, sparse analyses},
} 
@inproceedings{VirtualCert,
 author = {Barthe, Gilles and Betarte, Gustavo and Campo, Juan and Luna, Carlos and Pichardie, David},
 title = {System-level Non-interference for Constant-time Cryptography},
 booktitle = {Proceedings of the 2014 ACM SIGSAC Conference on Computer and Communications Security},
 series = {CCS '14},
 year = {2014},
 isbn = {978-1-4503-2957-6},
 location = {Scottsdale, Arizona, USA},
 pages = {1267--1279},
 numpages = {13},
 url = {http://doi.acm.org/10.1145/2660267.2660283},
 doi = {10.1145/2660267.2660283},
 acmid = {2660283},
 publisher = {ACM},
 address = {New York, NY, USA},
 keywords = {cache-based attacks, constant-time cryptography, coq, non-interference, stealth memory},
} 
@article{zhang2015hardware,
  title={A hardware design language for timing-sensitive information-flow security},
  author={Zhang, Danfeng and Wang, Yao and Suh, G Edward and Myers, Andrew C},
  journal={ACM SIGPLAN Notices},
  volume={50},
  number={4},
  pages={503--516},
  year={2015},
  publisher={ACM}
}
@inproceedings{wang2017cached,
  title={Cached: Identifying cache-based timing channels in production software},
  author={Wang, Shuai and Wang, Pei and Liu, Xiao and Zhang, Danfeng and Wu, Dinghao},
  booktitle={Proceedings of the 26th USENIX Security Symposium},
  year={2017}
}
@inproceedings{brotzmancasym,
  title={CaSym: Cache Aware Symbolic Execution for Side Channel Detection and Mitigation},
  author={Brotzman, Robert and Liu, Shen and Zhang, Danfeng and Tan, Gang and Kandemir, Mahmut},
  booktitle={CaSym: Cache Aware Symbolic Execution for Side Channel Detection and Mitigation},
  pages={0},
  year={2018},
  organization={IEEE}
}
@inproceedings{kochertiming,
  title={Timing attacks on implementations of Diffie-Hellman, RSA, DSS, and other systems},
  author={Kocher, Paul C},
  booktitle={Annual International Cryptology Conference},
  pages={104--113},
  year={1996},
  organization={Springer}
}
@article{brumley2005remote,
  title={Remote timing attacks are practical},
  author={Brumley, David and Boneh, Dan},
  journal={Computer Networks},
  volume={48},
  number={5},
  pages={701--716},
  year={2005},
  publisher={Elsevier}
}
@article{mbedtlsreductions,
  title={Correlated Extra-Reductions Defeat Blinded Regular Exponentiation-Extended Version.},
  author={Dugardin, Margaux and Guilley, Sylvain and Danger, Jean-Luc and Najm, Zakaria and Rioul, Olivier},
  journal={IACR Cryptology ePrint Archive},
  volume={2016},
  pages={597},
  year={2016}
}
@misc{cacheaudit,
  title={Cache memory with data compaction for use in the audit trail of a data processing system having record locking capabilities},
  author={Bordsen, Donald T and Cooper, Thomas P and Esson, Robert F and Hill, Michael J and Jordan, John R and Kessler, Joseph E and Konrad, Dennis R and Sipple, Ralph E and Swenson, Robert E and Torgerson, James F and others},
  year={1993},
  month=mar # "~9",
  publisher={Google Patents},
  note={US Patent 5,193,162}
}
@article{cached-zhang,
  title={Language-based control and mitigation of timing channels},
  author={Zhang, Danfeng and Askarov, Aslan and Myers, Andrew C},
  journal={ACM SIGPLAN Notices},
  volume={47},
  number={6},
  pages={99--110},
  year={2012},
  publisher={ACM}
}
@inproceedings{molnar2005program,
  title={The program counter security model: Automatic detection and removal of control-flow side channel attacks},
  author={Molnar, David and Piotrowski, Matt and Schultz, David and Wagner, David},
  booktitle={International Conference on Information Security and Cryptology},
  pages={156--168},
  year={2005},
  organization={Springer}
}
@inproceedings{proof-engineering,
  title={Full proof cryptography: verifiable compilation of efficient zero-knowledge protocols},
  author={Bacelar Almeida, Jos{\'e} and Barbosa, Manuel and Bangerter, Endre and Barthe, Gilles and Krenn, Stephan and Zanella B{\'e}guelin, Santiago},
  booktitle={Proceedings of the 2012 ACM conference on Computer and communications security},
  pages={488--500},
  year={2012},
  organization={ACM}
}
@inproceedings{moore2011static,
  title={Static analysis for efficient hybrid information-flow control},
  author={Moore, Scott and Chong, Stephen},
  booktitle={Computer Security Foundations Symposium (CSF), 2011 IEEE 24th},
  pages={146--160},
  year={2011},
  organization={IEEE}
}
@article{DSA-lattner,
  title={Making context-sensitive points-to analysis with heap cloning practical for the real world},
  author={Lattner, Chris and Lenharth, Andrew and Adve, Vikram},
  journal={ACM SIGPLAN Notices},
  volume={42},
  number={6},
  pages={278--289},
  year={2007},
  publisher={ACM}
}
@inproceedings{fraser2000lomac,
  title={LOMAC: Low water-mark integrity protection for COTS environments},
  author={Fraser, Timothy},
  booktitle={Security and Privacy, 2000. S\&P 2000. Proceedings. 2000 IEEE Symposium on},
  pages={230--245},
  year={2000},
  organization={IEEE}
}
@book{sutton2007fuzzing,
  title={Fuzzing: brute force vulnerability discovery},
  author={Sutton, Michael and Greene, Adam and Amini, Pedram},
  year={2007},
  publisher={Pearson Education}
}
@inproceedings{Somorovsky,
 author = {Somorovsky, Juraj},
 title = {Systematic Fuzzing and Testing of TLS Libraries},
 booktitle = {Proceedings of the 2016 ACM SIGSAC Conference on Computer and Communications Security},
 series = {CCS '16},
 year = {2016},
 isbn = {978-1-4503-4139-4},
 location = {Vienna, Austria},
 pages = {1492--1504},
 numpages = {13},
 url = {http://doi.acm.org/10.1145/2976749.2978411},
 doi = {10.1145/2976749.2978411},
 acmid = {2978411},
 publisher = {ACM},
 address = {New York, NY, USA},
 keywords = {TLS, fuzzing, padding oracle attack},
} 
