@inproceedings{bernstein2017sliding,
  title={Sliding right into disaster: Left-to-right sliding windows leak},
  author={Bernstein, Daniel J and Breitner, Joachim and Genkin, Daniel and Bruinderink, Leon Groot and Heninger, Nadia and Lange, Tanja and van Vredendaal, Christine and Yarom, Yuval},
  booktitle={International Conference on Cryptographic Hardware and Embedded Systems},
  pages={555--576},
  year={2017},
  organization={Springer}
}
